#########
# BOOKS #
#########

@book{ key,
  author       = {Autor},
  title        = {{Titel}},
  publisher    = {},
  address      = {},
  date         = {2016},
  isbn         = {000000000000},
  doi          = {000000000000}
}

##########
# ONLINE #
##########

@online{ wiki,
  author       = {{Wikipedia}},
  title        = {{Wikipedia}},
  url          = {https://de.wikipedia.org/wiki/},
  date         = {2016-01},
  urldate      = {2016-01-01},
  language     = {german}
}
